<record><leader>00000cas a22000007a 4500</leader><controlfield tag="001">22439284</controlfield><controlfield tag="008">900926c19729999nyuwr ne      0    0eng d</controlfield><datafield ind1=" " ind2=" " tag="010"><subfield code="a">sn 90066278 </subfield></datafield><datafield ind1=" " ind2=" " tag="040"><subfield code="a">NYS</subfield><subfield code="b">eng</subfield><subfield code="c">NYS</subfield><subfield code="d">OCLCQ</subfield><subfield code="d">NYG</subfield></datafield><datafield ind1=" " ind2=" " tag="042"><subfield code="a">msc</subfield></datafield><datafield ind1="0" ind2=" " tag="130"><subfield code="a">Millbrook round table (Millbrook, N.Y. : 1972)</subfield></datafield><datafield ind1="1" ind2="0" tag="245"><subfield code="a">Millbrook round table.</subfield></datafield><datafield ind1="3" ind2="0" tag="246"><subfield code="a">Millbrook roundtable</subfield></datafield><datafield ind1=" " ind2=" " tag="260"><subfield code="a">Millbrook, N.Y. :</subfield><subfield code="b">Dymer Communications Inc.,</subfield><subfield code="c">1972-</subfield></datafield><datafield ind1=" " ind2=" " tag="300"><subfield code="a">v.</subfield></datafield><datafield ind1=" " ind2=" " tag="310"><subfield code="a">Weekly</subfield></datafield><datafield ind1="0" ind2=" " tag="362"><subfield code="a">July 5, 1972-</subfield></datafield><datafield ind1=" " ind2=" " tag="500"><subfield code="a">Publisher: Taconic Press Inc., &lt;1980-</subfield></datafield><datafield ind1=" " ind2=" " tag="580"><subfield code="a">Pine Plains eds.: Pine Plains register-herald (Pine Plains, N.Y. : 1972), 1972-1981; Register herald (Millbrook, N.Y.), 1981-   .</subfield></datafield><datafield ind1=" " ind2="4" tag="651"><subfield code="a">Millbrook (N.Y.)</subfield><subfield code="v">Newspapers.</subfield></datafield><datafield ind1=" " ind2=" " tag="752"><subfield code="a">United States</subfield><subfield code="b">New York</subfield><subfield code="c">Dutchess</subfield><subfield code="d">Millbrook.</subfield></datafield><datafield ind1="1" ind2=" " tag="775"><subfield code="a">Pine Plains register-herald (Pine Plains, N.Y. : 1972)</subfield><subfield code="g">1972-1981</subfield><subfield code="w">(DLC)sn 87070082</subfield></datafield><datafield ind1="1" ind2=" " tag="775"><subfield code="a">Register herald (Millbrook, N.Y.)</subfield><subfield code="g">1981-</subfield><subfield code="w">(DLC)sn 84031062</subfield><subfield code="w">(OCoLC)11151367</subfield></datafield><datafield ind1="0" ind2="0" tag="780"><subfield code="t">Millbrook round table incorporating the register-herald</subfield><subfield code="w">(DLC)sn 87070079</subfield></datafield><datafield ind1="1" ind2=" " tag="029"><subfield code="a">AU@</subfield><subfield code="b">000020599141</subfield></datafield></record>